% This file was created with JabRef 2.4.2.
% Encoding: UTF8

@misc{KVWL,
	title = {\betriebName},
	url = {https://www.kvwl.de/wir/organisation/index.htm},
	author = {KVWL},
	lastchecked = {09.05.2019},
	year = {2019}
}

@misc{Projektantrag,
	title = {Projektantrag},
	note = {siehe Quellen-Verzeichnis},
	author = {Yannik Queisler},
	year = {2019}
}

 @misc{wiki:dwh,
   author = "Wikipedia",
   title = "Data-Warehouse --- Wikipedia{,} Die freie Enzyklopädie",
   year = "2019",
   url = "https://de.wikipedia.org/w/index.php?title=Data-Warehouse&oldid=186644211",
   note = "[Online; Stand 10. Mai 2019]"
 }

  @misc{ wiki:waterfall,
   author = "Wikipedia",
   title = "Wasserfallmodell --- Wikipedia{,} Die freie Enzyklopädie",
   year = "2019",
   url = "https://de.wikipedia.org/w/index.php?title=Wasserfallmodell&oldid=187128969",
   note = "[Online; Stand 12. Mai 2019]"
 }

 @misc{finlex:wa,
	author = {Finanzenlexikon},
	title = {Wirtschaftlichkeitsanalyse},
	howpublished = {\url{https://www.finanzen-lexikon.de/cms/glossar-lexikon/45-lexikon-w/430-wirtschaftlichkeitsanalyse.html}},
	year = {2019},
	note = {(Stand 13.05.2019)}
}

@misc{pries:usage,
	author = {Jeff Pries},
	title = {SSRS Usage Reporting — with SSRS! – Jeff Pries},
	howpublished = {\url{https://blog.jpries.com/2013/08/19/ssrs-usage-reporting-with-ssrs/}},
	year = {2013},
	note = {(Abgerufen am 13.05.2019)}
}

@misc{spring:web,
	author = {Spring},
	title = {78. Embedded Web Servers},
	howpublished = {\url{https://docs.spring.io/spring-boot/docs/current/reference/html/howto-embedded-web-servers.html}},
	year = {2019},
	note = {(Abgerufen am 15.05.2019)}
}

@misc{ wiki:arch,
   author = "Wikipedia",
   title = "Schichtenarchitektur --- Wikipedia{,} Die freie Enzyklopädie",
   year = "2019",
   url = "https://de.wikipedia.org/w/index.php?title=Schichtenarchitektur&oldid=185731478",
   note = "[Online; Stand 15. Mai 2019]"
 }

 @misc{spring:mvc,
	author = {Spring},
	title = {Web on Servlet Stack},
	howpublished = {\url{https://docs.spring.io/spring/docs/current/spring-framework-reference/web.html}},
	year = {2019},
	note = {(Abgerufen am 15.05.2019)}
}

@misc{spring:data,
	author = {Spring},
	title = {Spring Data},
	howpublished = {\url{https://spring.io/projects/spring-data}},
	year = {2019},
	note = {(Abgerufen am 15.05.2019)}
}

@misc{ wiki:mvc,
   author = "Wikipedia",
   title = "Model View Controller --- Wikipedia{,} Die freie Enzyklopädie",
   year = "2019",
   url = "https://de.wikipedia.org/w/index.php?title=Model_View_Controller&oldid=187497459",
   note = "[Online; Stand 15. Mai 2019]"
 }

 @misc{spring:init,
	author = {Spring},
	title = {Spring Initializr},
	howpublished = {\url{https://start.spring.io/}},
	year = {2019},
	note = {(Abgerufen am 16.05.2019)}
}

@misc{fitnesse:boc,
	author = {FitNesse},
	title = {FitNesse.FullReferenceGuide.UserGuide.Writing\-Acceptance\-Tests.Acceptance\-Test\-Patterns.Build\-Operate\-Check},
	howpublished = {\url{http://fitnesse.org/FitNesse.FullReferenceGuide.UserGuide.WritingAcceptanceTests.AcceptanceTestPatterns.BuildOperateCheck}},
	year = {2019},
	note = {(Abgerufen am 16.05.2019)}
}

@misc{github:qdsl,
	author = {Querydsl},
	title = {querydsl/querydsl: Unified Queries for Java},
	howpublished = {\url{https://github.com/querydsl/querydsl}},
	year = {2019},
	note = {(Abgerufen am  17.05.2019)}
}

@misc{ISO9126,
	title = {{Software-Engineering} – Qualität von {Software-Produkten} – Teil 1: Qualitätsmodell},
	author = {{ISO/IEC 9126-1}},
	month = jun,
	year = {2001}
}
